@book{DemoQuelle,
title = {DemoBuch},
author = {Lorem, Ipsum},
year = {2017},
publisher = {Ausgedacht}
}
