@incollection{DemoQuelle,
  title={DemoBuch},
  author={Lorem, Ipsum},
  booktitle={Das Buch XXX},
  pages={11--34},
  year={2017},
  publisher={Ausgedacht}
}
@incollection{goos_single_2002,
	location = {Berlin, Heidelberg},
	title = {Single Sign-On Architectures},
	volume = {2437},
	isbn = {978-3-540-44309-4 978-3-540-45831-9},
	url = {http://link.springer.com/10.1007/3-540-45831-X_4},
	pages = {40--58},
	booktitle = {Infrastructure Security},
	publisher = {Springer Berlin Heidelberg},
	author = {De Clercq, Jan},
	editor = {Davida, George and Frankel, Yair and Rees, Owen},
	editorb = {Goos, Gerhard and Hartmanis, Juris and Van Leeuwen, Jan},
	editorbtype = {redactor},
	urldate = {2023-11-25},
	date = {2002},
	langid = {english},
	doi = {10.1007/3-540-45831-X_4},
	note = {Series Title: Lecture Notes in Computer Science},
}