@incollection{DemoQuelle,
  title={DemoBuch},
  author={Lorem, Ipsum},
  booktitle={Das Buch XXX},
  pages={11--34},
  year={2017},
  publisher={Ausgedacht}
}